@article{davidmyers,
  author = {David Myers},
  title ={Signs, Symbols, Games, and Play},
  journal = {Games and Culture},
  volume = {1},
  number = {1},
  pages = {47-51},
  year = {2006}
}

@article{jefforkin,
  author = {Jeff Orkin},
  title = {Symbolic representation of game world state: Toward real-time planning in games},
  journal = {Proceedings of the AAAI Workshop on Challenges in Game Artificial Intelligence},
  volume = {5},
  pages = {26-30},
  year = {2004-7}
}

@article{nieva,
  author = {Eduardo Neiva, Carlo Romano},
  title = {The Semiotic Immersion of Video Games, Gaming Technology and Interactive Strategies},
  journal = {The Public Journal of Semiotics I(2)},
  volume = {5},
  pages = {31-49},
  year = {2007}
}

@article{janet,
  author = {Janet H. Murray},
  title = {Toward a Cultural Theory of Gaming: Digital Games and the Co-Evolution of Media, Mind, and Culture},
  journal = {Popular Communication},
  volume = {4},
  pages = {185-202},
  year = {2006-8-1}
}

@online{Depth,
  author = {Freeman, David},
  title = {Four Ways to Use Symbols to Add Emotional Depth to Games},
  date = {2002},
  url = {https://www.gamasutra.com/view/feature/131383/four_ways_to_use_symbols_to_add_.php}
}

@online{kerr,
  author = {Kerr, Chris},
  title = {Bungie explains how a hate symbol ended up in Destiny 2},
  date = {2017},
  url = {https://www.gamasutra.com/view/news/305791/Bungie_explains_how_a_hate_symbol_ended_up_in_Destiny_2.php}
}

@online{xander,
  author = {Xander Markham},
  title = {When I Soar To Worlds Unknown: Symbolism and imagery in Myst},
  date = {2010},
  url = {https://www.gamasutra.com/blogs/XanderMarkham/20100515/87335/When_I_Soar_To_Worlds_Unknown_Symbolism_and_imagery_in_Myst.php}
}

@online{samit,
  author = {Sarkar, Samit},
  title = {Bungie fixing Destiny 2 armor resembling white nationalist symbol},
  date = {2017},
  url = {https://www.polygon.com/2017/9/12/16296256/destiny-2-armor-hate-group-symbol-kek-kekistan-flag}
}

@online{jakub,
  author = {Jakub Mirowski},
  title = {Who's Afraid of the Swastika? Nazi Symbols in Video Games},
  date = {2015},
  url = {https://www.gamepressure.com/e.asp?ID=57}
}

@online{brownv,
  title = {Brown v. Entertainment Merchants Association},
  url = {https://en.wikipedia.org/wiki/Brown_v._Entertainment_Merchants_Ass%27n}
}

@incollection{Bruchansky,
  year = {2011},
  title = {The Semiotics of Video Games},
  author = {Christophe Bruchansky},
  date={2011}
}

@mastersthesis{Juhani,
  title = {Character customization in video games as symbolic consumption - how characters are customized},
  author = {Mertsalmi, Juhani},
  url = {http://urn.fi/URN:NBN:fi:aalto-201111181320},
  year = {2010},
  pages = {70}
}

@article{harnad,
 author = {Harnad, Stevan},
 title = {The Symbol Grounding Problem},
 journal = {Phys. D},
 issue_date = {June 1990},
 volume = {42},
 number = {1-3},
 year = {1990},
 pages = {335--346},
 numpages = {12},
 url = {http://www.summer10.isc.uqam.ca/page/docs/readings/HARNAD_Stevan/symgro.pdf},
 address = {Amsterdam, The Netherlands, The Netherlands},
} 

@article{simon,
  author = {Simon Egenfeldt-Nielsen},
  title = {Understanding Video Games: The Essential Introduction},
  pages = {302},
  year = {2008}
}
